@misc{prev_paper,
 author    = "Guy Avni, Shibashis Guha and Guillermo Navas-Rodriguez",
 title     = "Synthesizing Time-Triggered Schedules for Switched Networks with Faulty Links"
}
@misc{WMC,
 author    = "Supratik Chakraborty, Dror Fried, Kuldeep S. Meel and Moshe Y. Vardi",
 title     = "From Weighted to Unweighted Model Counting",
 howpublished = "IJCAI"
}
@misc{ApproxMC,
 author    = "Supratik Chakraborty, Kuldeep S. Meel and Moshe Y. Vardi",
 title     = "A Scalable Approximate Model Counter",
 howpublished = {\url{https://bitbucket.org/kuldeepmeel/approxmc}}
}
@misc{SharpSAT,
 title     = "SharpSAT",
 howpublished = {\url{https://sites.google.com/site/marcthurley/sharpsat}}
}
@misc{Cryptominsat,
 title     = "Cryptominsat",
 howpublished = {\url{https://github.com/msoos/cryptominisat}}
}
